<record><leader>00000cas a2200000 a 4500</leader><controlfield tag="001">53194868</controlfield><controlfield tag="008">031014c20019999iluwr ne      0   a0eng c</controlfield><datafield ind1=" " ind2=" " tag="010"><subfield code="a">sn2003060892</subfield></datafield><datafield ind1=" " ind2=" " tag="040"><subfield code="a">CVF</subfield><subfield code="b">eng</subfield><subfield code="c">CVF</subfield><subfield code="d">NVF</subfield><subfield code="d">OCLCQ</subfield><subfield code="d">OCLCF</subfield><subfield code="d">NVF</subfield><subfield code="d">OCLCO</subfield></datafield><datafield ind1="1" ind2=" " tag="029"><subfield code="a">AU@</subfield><subfield code="b">000025047967</subfield></datafield><datafield ind1=" " ind2=" " tag="042"><subfield code="a">pcc</subfield></datafield><datafield ind1=" " ind2=" " tag="043"><subfield code="a">n-us-il</subfield></datafield><datafield ind1="0" ind2="4" tag="245"><subfield code="a">The farmside.</subfield></datafield><datafield ind1=" " ind2=" " tag="260"><subfield code="a">Huntley, Ill. :</subfield><subfield code="b">Press-Republican Newspapers,</subfield><subfield code="c">2001-</subfield></datafield><datafield ind1=" " ind2=" " tag="300"><subfield code="a">v.</subfield></datafield><datafield ind1=" " ind2=" " tag="310"><subfield code="a">Weekly</subfield></datafield><datafield ind1="1" ind2=" " tag="362"><subfield code="a">Vol. 1, no. 1 (July 12, 2001)-</subfield></datafield><datafield ind1=" " ind2=" " tag="530"><subfield code="a">Also available via the World Wide Web.</subfield></datafield><datafield ind1=" " ind2=" " tag="580"><subfield code="a">Formed by the union of: Huntley farmside and: Marengo press.</subfield></datafield><datafield ind1=" " ind2="0" tag="651"><subfield code="a">Huntley (Ill.)</subfield><subfield code="v">Newspapers.</subfield></datafield><datafield ind1=" " ind2="0" tag="651"><subfield code="a">Marengo (Ill.)</subfield><subfield code="v">Newspapers.</subfield></datafield><datafield ind1=" " ind2="7" tag="651"><subfield code="a">Illinois</subfield><subfield code="z">Huntley.</subfield><subfield code="2">fast</subfield><subfield code="0">(OCoLC)fst01278417</subfield></datafield><datafield ind1=" " ind2="7" tag="651"><subfield code="a">Illinois</subfield><subfield code="z">Marengo.</subfield><subfield code="2">fast</subfield><subfield code="0">(OCoLC)fst01232878</subfield></datafield><datafield ind1=" " ind2="7" tag="655"><subfield code="a">Newspapers.</subfield><subfield code="2">fast</subfield><subfield code="0">(OCoLC)fst01423814</subfield></datafield><datafield ind1=" " ind2=" " tag="752"><subfield code="a">United States</subfield><subfield code="b">Illinois</subfield><subfield code="c">McHenry</subfield><subfield code="d">Huntley.</subfield></datafield><datafield ind1="0" ind2="8" tag="776"><subfield code="i">Online verstion:</subfield><subfield code="t">Farmside</subfield><subfield code="w">(OCoLC)849809503</subfield></datafield><datafield ind1="1" ind2="4" tag="780"><subfield code="t">Huntley farmside</subfield><subfield code="w">(DLC)sn2003060841</subfield><subfield code="w">(OCoLC)52215524</subfield></datafield><datafield ind1="1" ind2="4" tag="780"><subfield code="t">Marengo press</subfield><subfield code="w">(DLC)sn2003060893</subfield><subfield code="w">(OCoLC)53194717</subfield></datafield></record>